@book{FRP,
  title = {Functional Reactive Programming},
  author = {Stephen Blackheath, Anthony Jones},
  year = {2016},
  month = {July},
  publisher = {Manning},
  note = "\texttt{\newline URL: \url{https://www.manning.com/books/functional-reactive-programming}}\newline[Last Visited: 01-06-2024]",
}