% ! TeX root = ../master-thesis.tex

@inproceedings{FRASP,
  author    = {Casadei, Roberto and Dente, Francesco and Aguzzi, Gianluca and Pianini, Danilo and Viroli, Mirko},
  booktitle = {2023 IEEE International Conference on Autonomic Computing and Self-Organizing Systems (ACSOS)},
  title     = {Self-Organisation Programming: A Functional Reactive Macro Approach},
  year      = {2023},
  volume    = {},
  number    = {},
  pages     = {87-96},
  keywords  = {Processor scheduling;Computational modeling;Aggregates;Wearable computers;Sodium;Programming;Robot sensing systems;self-organising systems;self-organisation programming;multi-agent systems;emergent behaviour;emergence steering;functional reactive programming;aggregate computing},
  doi       = {10.1109/ACSOS58161.2023.00026}
}

@book{FRP,
  title     = {Functional Reactive Programming},
  author    = {Blackheath, Stephen and Jones, Anthony},
  year      = {2016},
  month     = {July},
  publisher = {Manning}
}

@inproceedings{CAS,
  author    = {Ferscha, Alois},
  title     = {Collective adaptive systems},
  year      = {2015},
  isbn      = {9781450335751},
  publisher = {Association for Computing Machinery},
  address   = {New York, NY, USA},
  url       = {https://doi.org/10.1145/2800835.2809508},
  doi       = {10.1145/2800835.2809508},
  booktitle = {Adjunct Proceedings of the 2015 ACM International Joint Conference on Pervasive and Ubiquitous Computing and Proceedings of the 2015 ACM International Symposium on Wearable Computers},
  pages     = {893–895},
  numpages  = {3},
  keywords  = {wearable computing, superorganism, self-organization, pervasive computing, collective adaptive systems},
  location  = {Osaka, Japan},
  series    = {UbiComp/ISWC'15 Adjunct}
}

@article{SwarmIntelligence,
  author  = {Yang Liu and Kevin M. Passino},
  title   = {Swarm Intelligence: Literature Overview},
  journal = {Department of Electrical Engineering, The Ohio State University, Ohio},
  year    = {2000},
  month   = {March},
  url     = {https://www2.ece.ohio-state.edu/~passino/swarms.pdf}
}

@article{SelfOrganization,
  author  = {Francis Heylighen},
  title   = {The Science of Self-Organization and Adaptivity},
  year    = {1999},
  journal = {Center "Leo Apostel", Free University of Brussels, Belgium}
}

@misc{CollectiveMotion-Quadcopter,
  title        = {The world’s first autonomous outdoor quadcopter flock},
  author       = {Dr. Gábor Vásárhely},
  year         = {2014},
  note         = {Accessed: 02-02-2024},
  howpublished = {\url{https://hal.elte.hu/~vasarhelyi/en/projects/ercdrones/}}
}

@article{FieldCalculus-AggregateComputing,
  title    = {From distributed coordination to field calculus and aggregate computing},
  journal  = {Journal of Logical and Algebraic Methods in Programming},
  volume   = {109},
  pages    = {100486},
  year     = {2019},
  issn     = {2352-2208},
  doi      = {https://doi.org/10.1016/j.jlamp.2019.100486},
  url      = {https://www.sciencedirect.com/science/article/pii/S235222081930032X},
  author   = {Mirko Viroli and Jacob Beal and Ferruccio Damiani and Giorgio Audrito and Roberto Casadei and Danilo Pianini},
  keywords = {Distributed systems, Aggregate computing, Field calculus, Spatial computing}
}

@article{CAS-AggregateComputingBlocks,
  author     = {Viroli, Mirko and Audrito, Giorgio and Beal, Jacob and Damiani, Ferruccio and Pianini, Danilo},
  title      = {Engineering Resilient Collective Adaptive Systems by Self-Stabilisation},
  year       = {2018},
  issue_date = {April 2018},
  publisher  = {Association for Computing Machinery},
  address    = {New York, NY, USA},
  volume     = {28},
  number     = {2},
  issn       = {1049-3301},
  url        = {https://doi.org/10.1145/3177774},
  doi        = {10.1145/3177774},
  journal    = {ACM Trans. Model. Comput. Simul.},
  month      = {mar},
  articleno  = {16},
  numpages   = {28},
  keywords   = {simulation and modeling, self-stabilisation, field calculus, distributed algorithms, collective adaptive systems, Aggregate computing}
}

@inproceedings{MacroSwarm,
  author    = {Aguzzi, Gianluca and Casadei, Roberto and Viroli, Mirko},
  editor    = {Jongmans, Sung-Shik and Lopes, Ant{\'o}nia},
  title     = {MacroSwarm: A Field-Based Compositional Framework for Swarm Programming},
  booktitle = {Coordination Models and Languages},
  year      = {2023},
  publisher = {Springer Nature Switzerland},
  address   = {Cham},
  pages     = {31--51},
  isbn      = {978-3-031-35361-1}
}

@article{ReactiveProgramming,
  author     = {Bainomugisha, Engineer and Carreton, Andoni Lombide and Cutsem, Tom van and Mostinckx, Stijn and Meuter, Wolfgang de},
  title      = {A survey on reactive programming},
  year       = {2013},
  issue_date = {August 2013},
  publisher  = {Association for Computing Machinery},
  address    = {New York, NY, USA},
  volume     = {45},
  number     = {4},
  issn       = {0360-0300},
  url        = {https://doi.org/10.1145/2501654.2501666},
  doi        = {10.1145/2501654.2501666},
  journal    = {ACM Comput. Surv.},
  month      = {aug},
  articleno  = {52},
  numpages   = {34},
  keywords   = {Reactive programming, dataflow programming, event-driven applications, functional reactive programming, interactive applications, reactive systems}
}

@article{QPROP,
  author     = {Florian Myter and
                Christophe Scholliers and
                Wolfgang De Meuter},
  title      = {Distributed Reactive Programming for Reactive Distributed Systems},
  journal    = {CoRR},
  volume     = {abs/1902.00524},
  year       = {2019},
  url        = {http://arxiv.org/abs/1902.00524},
  eprinttype = {arXiv},
  eprint     = {1902.00524},
  timestamp  = {Tue, 21 May 2019 18:03:38 +0200},
  biburl     = {https://dblp.org/rec/journals/corr/abs-1902-00524.bib},
  bibsource  = {dblp computer science bibliography, https://dblp.org}
}

@article{DREAM,
  title   = {On the Semantics of Distributed Reactive Programming: The Cost of Consistency},
  author  = {Alessandro Margara and Guido Salvaneschi},
  journal = {IEEE Transactions on Software Engineering},
  year    = {2018},
  volume  = {44},
  pages   = {689-711},
  url     = {https://api.semanticscholar.org/CorpusID:49867276}
}

@misc{ScaFi-Documentation,
  title        = {ScaFi Documentation},
  author       = {Casadei, Roberto and Aguzzi, Gianluca and Viroli, Mirko},
  note         = {Accessed: 02-07-2024},
  howpublished = {\url{https://scafi.github.io/}}
}

@article{ScaFi-ShareOperator,
  title   = {Field-based Coordination with the Share Operator},
  author  = {Giorgio Audrito and Jacob Beal and Ferruccio Damiani and Danilo Pianini and Mirko Viroli},
  journal = {Log. Methods Comput. Sci.},
  year    = {2019},
  volume  = {16},
  url     = {https://api.semanticscholar.org/CorpusID:203836980}
}

@misc{Java,
  title        = {Java Documentation},
  author       = {Oracle},
  note         = {Accessed: 02-08-2024},
  howpublished = {\url{https://dev.java/}}
}

@misc{Scala,
  title        = {Scala Documentation},
  author       = {Scala Center},
  note         = {Accessed: 02-08-2024},
  howpublished = {\url{https://docs.scala-lang.org/}}
}

@article{Alchemist,
  doi       = {10.1057/jos.2012.27},
  url       = {https://doi.org/10.1057/jos.2012.27},
  year      = {2013},
  month     = {August},
  publisher = {Informa {UK} Limited},
  volume    = {7},
  number    = {3},
  pages     = {202--215},
  author    = {D Pianini and S Montagna and M Viroli},
  title     = {Chemical-oriented simulation of computational systems with {ALCHEMIST}},
  journal   = {Journal of Simulation}
}

@book{UnitTesting,
  title     = {The Art of Unit Testing},
  edition   = {Second},
  author    = {Osherove, Roy},
  year      = {2013},
  month     = {November},
  publisher = {Manning}
}

@misc{ScalaTest,
  title        = {Scala{T}est Documentation},
  author       = {Artima},
  note         = {Accessed: 02-25-2024},
  howpublished = {\url{https://www.scalatest.org/}}
}
